[gd_scene load_steps=11 format=2]

[ext_resource path="res://scenes/Terrain.tscn" type="PackedScene" id=2]
[ext_resource path="res://scenes/Character.tscn" type="PackedScene" id=3]
[ext_resource path="res://assets/Pixel puff.png" type="Texture" id=4]
[ext_resource path="res://assets/POL-snow-storm.wav" type="AudioStream" id=5]
[ext_resource path="res://scenes/FireBall.tscn" type="PackedScene" id=6]

[sub_resource type="CanvasItemMaterial" id=1]
blend_mode = 1

[sub_resource type="Curve" id=2]
_data = [ Vector2( 0, 0.253111 ), 0.0, 0.0, 0, 0, Vector2( 0.517241, 0.671292 ), 0.0, 0.0, 0, 0, Vector2( 1, 0.241957 ), 0.0, 0.0, 0, 0 ]

[sub_resource type="CanvasItemMaterial" id=3]
blend_mode = 1

[sub_resource type="StreamTexture" id=4]
flags = 4
load_path = "res://.import/Pixel puff-1.png.png-5e8168a9fad5b417d9b40a35b9505fe9.stex"

[sub_resource type="Curve" id=5]
_data = [ Vector2( 0, 0.253111 ), 0.0, 0.0, 0, 0, Vector2( 0.517241, 0.671292 ), 0.0, 0.0, 0, 0, Vector2( 1, 0.241957 ), 0.0, 0.0, 0, 0 ]

[node name="Node2D" type="Node2D"]

[node name="ParallaxBackground" type="ParallaxBackground" parent="."]

[node name="NightSky" type="ColorRect" parent="ParallaxBackground"]
anchor_right = 1.0
anchor_bottom = 1.0
color = Color( 0.00784314, 0.0470588, 0.207843, 1 )
__meta__ = {
"_edit_use_anchors_": false
}

[node name="StarsNearby" type="CPUParticles2D" parent="ParallaxBackground/NightSky"]
material = SubResource( 1 )
position = Vector2( 512, 150 )
amount = 30
preprocess = 5.0
speed_scale = 0.01
explosiveness = 1.0
texture = ExtResource( 4 )
emission_shape = 2
emission_rect_extents = Vector2( 512, 100 )
direction = Vector2( 0, 0 )
spread = 0.0
gravity = Vector2( 0, 0 )
scale_amount = 0.06
scale_amount_curve = SubResource( 2 )
color = Color( 0.0666667, 0.462745, 0.52549, 1 )

[node name="ShootingStar" type="CPUParticles2D" parent="ParallaxBackground/NightSky"]
material = SubResource( 3 )
position = Vector2( 512, 0 )
amount = 1
lifetime = 0.5
explosiveness = 1.0
randomness = 1.0
lifetime_randomness = 1.0
draw_order = 1
texture = ExtResource( 4 )
emission_shape = 2
emission_rect_extents = Vector2( 2048, 1 )
direction = Vector2( -1, 1 )
spread = 15.0
gravity = Vector2( 0, 0 )
initial_velocity = 1000.0
scale_amount = 0.05
scale_amount_curve = SubResource( 2 )
color = Color( 0.0666667, 0.462745, 0.52549, 1 )

[node name="StarsFar" type="CPUParticles2D" parent="ParallaxBackground/NightSky"]
position = Vector2( 512, 150 )
amount = 60
preprocess = 5.0
speed_scale = 0.01
explosiveness = 1.0
texture = SubResource( 4 )
emission_shape = 2
emission_rect_extents = Vector2( 512, 150 )
direction = Vector2( 0, 0 )
spread = 0.0
gravity = Vector2( 0, 0 )
angular_velocity = 50.0
scale_amount = 0.03
scale_amount_curve = SubResource( 5 )
color = Color( 0.0666667, 0.462745, 0.52549, 1 )

[node name="AudioStreamPlayer" type="AudioStreamPlayer" parent="ParallaxBackground"]
stream = ExtResource( 5 )
volume_db = -40.0
autoplay = true

[node name="Terrain" parent="." instance=ExtResource( 2 )]
position = Vector2( -256, 0 )

[node name="Character" parent="." instance=ExtResource( 3 )]
position = Vector2( 269.53, 301.841 )
script = null

[node name="FireBall" parent="." instance=ExtResource( 6 )]
position = Vector2( 346.33, 252.124 )
script = null
